@book{optimalControl,
    title = {Optimal Control of Partial Differential Equations, Theory, Methods and Applications},
    author = {{Fredi Tröltzsch}},
    publisher = {American Mathematical Society},
    year = {2009},
}

@article{DPSteelOverview,
    title = {Optimal Control of a Cooling Line for Production of Hot Rolled Dual Phase Steel}, 
    author = {Wolfgang Bleck, Dietmar Hömberg, Ulrich Prahl, Piyada Suwanpinij, and
    Nataliya Togobytska}, 
    publisher = {WILEY-VCH Verlag GmbH & Co. KGaA},
    year = {2014},
    pages = {1-6},

}

@article{DPSteel,
    title = {Optimal control of multiphase steel production},
    author = {Dietmar Hömberg, Klaus Krumbiegel and Nataliya Togobytska},
    publisher = {Springer Verlag},
    year = {2019},
    pages={1-32},
}
